@article{2014_algebra_mokhov,
  title={Algebra of Parameterised Graphs},
  author={Mokhov, Andrey and Khomenko, Victor},
  journal={ACM Transactions on Embedded Computing Systems},
  volume={13},
  number={4s},
  pages={1--22},
  year={2014},
  publisher={ACM}
}

@article{1989_murata_pn,
  title={Petri nets: Properties, analysis and applications},
  author={Murata, Tadao},
  journal={Proceedings of the IEEE},
  volume={77},
  number={4},
  pages={541--580},
  year={1989},
  publisher={IEEE}
}

@inproceedings{2015_beaumont_concepts,
  title={Compositional design of asynchronous circuits from behavioural concepts},
  author={Beaumont, Jonathan and Mokhov, Andrey and Sokolov, Danil and Yakovlev, Alex},
  booktitle={ACM/IEEE International Conference on Formal Methods and Models for Codesign (MEMOCODE)},
  pages={118--127},
  year={2015},
  organization={IEEE}
}
