@article{2017_bohnenstiehl_kilocore,
  title={{KiloCore: A 32-nm 1000-Processor Computational Array}},
  author={Bohnenstiehl, B. and Stillmaker, A. and Pimentel, J. J. and Andreas, T. and Liu, B. and Tran, A. T. and Adeagbo, E. and Baas, B. M},
  journal={IEEE Journal of Solid-State Circuits},
  year={2017},
  publisher={IEEE}
}

@inproceedings{2017_jiang_noc,
  title={{An asynchronous NoC router in a 14nm FinFET library: Comparison to an industrial synchronous counterpart}},
  author={Jiang, W. and Bertozzi, D. and Miorandi, G. and Nowick, S. and Burleson, W. and Sadowski, G.},
  booktitle={Design, Automation \& Test in Europe Conference \& Exhibition (DATE)},
  year={2017}
}

@inproceedings{2017_sokolov_a4a,
  title={Benefits of Asynchronous Control for Analog Electronics: Multiphase Buck Case Study},
  author={Sokolov, D. and Dubikhin, V. and Khomenko, V. and Lloyd, D. and Mokhov, A. and Yakovlev, A.},
  booktitle={Design, Automation \& Test in Europe Conference (DATE)},
  year={2017}
}

@Misc{Workcraft_website,
  Title = {\textsc{Workcraft} website},
  Note  = {\url{www.workcraft.org}}
}

@Misc{Arbitration_primitives_github,
  Title = {Open-source library of asynchronous arbitration primitivies},
  Note  = {{GitHub} repository: \url{https://github.com/workcraft/arbitration-primitives}}
}

@Book{2002_cortadella_book,
  Title     = {Logic Synthesis for Asynchronous Controllers and Interfaces},
  Author    = {Cortadella, J. and Kishinevsky, M. and Kondratyev, A. and Lavagno, L. and Yakovlev, A.},
  Publisher = {Springer},
  Year      = {2002},
}

@inproceedings{2015_sokolov_multiphase,
  title={Design and verification of speed-independent multiphase buck controller},
  author={Sokolov, D. and Khomenko, V. and Mokhov, A. and Yakovlev, A. and Lloyd, D.},
  booktitle={Proceedings of the IEEE International Symposium on Asynchronous Circuits and Systems (ASYNC)},
  year={2015}
}

@Book{2008_kinniment_synchronisation,
  Title     = {Synchronization and Arbitration in Digital Systems},
  Author    = {D. J. Kinniment},
  Publisher = {John Wiley and Sons},
  Year      = {2008},
}

@article{1996_yakovlev_or,
  title={On the models for asynchronous circuit behaviour with OR causality},
  author={Yakovlev, A. and Kishinevsky, M. and Kondratyev, A. and Lavagno, L. and Pietkiewicz-Koutny, M.},
  journal={Formal Methods in System Design},
  volume={9},
  number={3},
  pages={189--233},
  year={1996},
  publisher={Springer}
}

@inproceedings{2017_khomenko_waitx,
  title={{WAITX: An Arbiter for Non-Persistent Signals}},
  author={Khomenko, V. and Sokolov, D. and Mokhov, A. and Yakovlev, A.},
  booktitle={IEEE International Symposium on Asynchronous Circuits and Systems (ASYNC), 2017},
  year={2017},
  organization={IEEE}
}

@inproceedings{2015_mokhov_om,
  title={Opportunistic Merge Element},
  author={Mokhov, A. and Khomenko, V. and Sokolov, D. and Yakovlev, A.},
  booktitle={IEEE International Symposium on Asynchronous Circuits and Systems (ASYNC), 2015},
  year={2015},
  organization={IEEE}
}

@inproceedings{1999_greenstreet_merge,
  title={Real-time merging},
  author={Greenstreet, M.},
  booktitle={Proceedings of International Symposium on Advanced Research in Asynchronous Circuits and Systems (ASYNC)},
  pages={186--198},
  year={1999},
  organization={IEEE}
}

@article{2014_algebra_mokhov,
  title={Algebra of Parameterised Graphs},
  author={Mokhov, A. and Khomenko, V.},
  journal={ACM Transactions on Embedded Computing Systems},
  volume={13},
  number={4s},
  pages={1--22},
  year={2014},
  publisher={ACM}
}

@article{1989_murata_pn,
  title={Petri nets: Properties, analysis and applications},
  author={Murata, T.},
  journal={Proceedings of the IEEE},
  volume={77},
  number={4},
  pages={541--580},
  year={1989},
  publisher={IEEE}
}

@inproceedings{2015_beaumont_concepts,
  title={Compositional design of asynchronous circuits from behavioural concepts},
  author={Beaumont, J. and Mokhov, A. and Sokolov, D. and Yakovlev, A.},
  booktitle={ACM/IEEE International Conference on Formal Methods and Models for Codesign (MEMOCODE)},
  pages={118--127},
  year={2015},
  organization={IEEE}
}
